<record><leader>00000cas a22000007a 4500</leader><controlfield tag="001">26729418</controlfield><controlfield tag="008">921005d18741uuucausr ne      0    0eng d</controlfield><datafield ind1=" " ind2=" " tag="010"><subfield code="a">sn 92068806 </subfield></datafield><datafield ind1=" " ind2=" " tag="040"><subfield code="a">CNK</subfield><subfield code="b">eng</subfield><subfield code="c">CNK</subfield><subfield code="d">OCLCQ</subfield><subfield code="d">OCLCF</subfield><subfield code="d">OCLCO</subfield></datafield><datafield ind1=" " ind2=" " tag="042"><subfield code="a">msc</subfield></datafield><datafield ind1=" " ind2=" " tag="043"><subfield code="a">n-us-ca</subfield></datafield><datafield ind1="0" ind2=" " tag="130"><subfield code="a">Plaindealer (San Leandro, Calif.)</subfield></datafield><datafield ind1="1" ind2="4" tag="245"><subfield code="a">The plaindealer.</subfield></datafield><datafield ind1=" " ind2=" " tag="260"><subfield code="a">San Leandro, Cal. :</subfield><subfield code="b">Eason &amp; Saul</subfield></datafield><datafield ind1=" " ind2=" " tag="300"><subfield code="a">v.</subfield></datafield><datafield ind1=" " ind2=" " tag="310"><subfield code="a">Semimonthly,</subfield><subfield code="b">Oct. 17-&lt;Nov. 28, 1874&gt;</subfield></datafield><datafield ind1=" " ind2=" " tag="321"><subfield code="a">Weekly,</subfield><subfield code="b">Apr. 23-Sept. 10, 1874</subfield></datafield><datafield ind1="0" ind2=" " tag="362"><subfield code="a">Vol. 1 no. 1 (Apr. 23, 1874)-</subfield></datafield><datafield ind1=" " ind2=" " tag="500"><subfield code="a">Published in Haywood [later Hayward], Oct. 17-&lt;Nov. 28, 1874&gt;.</subfield></datafield><datafield ind1=" " ind2="0" tag="651"><subfield code="a">Hayward (Calif.)</subfield><subfield code="v">Newspapers.</subfield></datafield><datafield ind1=" " ind2="7" tag="655"><subfield code="a">Newspapers.</subfield><subfield code="2">fast</subfield><subfield code="0">(OCoLC)fst01423814</subfield></datafield><datafield ind1=" " ind2="7" tag="651"><subfield code="a">California</subfield><subfield code="z">Hayward.</subfield><subfield code="2">fast</subfield><subfield code="0">(OCoLC)fst01214375</subfield></datafield><datafield ind1=" " ind2=" " tag="752"><subfield code="a">United States</subfield><subfield code="b">California</subfield><subfield code="c">Alameda</subfield><subfield code="d">Hayward.</subfield></datafield><datafield ind1=" " ind2=" " tag="752"><subfield code="a">United States</subfield><subfield code="b">California</subfield><subfield code="c">Alameda</subfield><subfield code="d">San Leandro.</subfield></datafield></record>